@inbook{DeDupOverView,
  author        = "Babette Haeusser, Alessio Bagnaresi, Michael Bocian and Abbe Woodcock ",
  title         = "Guide to Data De-duplication:The IBM System Storage TS7650G ProtecTIER De-duplication Gateway",
  publisher     = "IBM Redbooks",
  address       = "",
  year          = "2008",
  pages         = "20-27"
 
}

@inbook{DeDupMethods,
  author        = "S. Srinivasan",
  title         = "Security, Trust, and Regulatory Aspects of Cloud Computing in Business Environments",
  publisher     = "Information Science Reference (an imprint of IGI Globalo)",
  address       = "USA",
  year          = "2014",
  pages         = "77-78",
 
}

@inbook{DeDupDropBox,
  author        = "Moritz Borgmann, Tobias Hahn, Michael Herfert, Thomas Kunz,Marcel Richter, Ursula Viebeg and Sven Vowe",
  title         = "On the Security of Cloud Storage Services",
  publisher     = "SIT Technical Reports",
  address       = "Germany",
  year          = "2012",
  pages         = "55-110"
 }
 
 @article{Harnik,
  author        = "Danny Harnik, Benny Pinkas and Alexandra Shulman-Peleg",
  title         = "Side channels in cloud services, the case of deduplication in cloud storage",
  journal       =  "IEEE Security and Privacy Magazine",
  volume        = "8",
  number         = "2",
  year          = "2010",
  pages         = "40-47"
}

@article{PoW,
  author        = "Shai Halevi, Danny Harnik, Benny Pinkas, and Alexandra Shulman-Peleg",
  title         = "Proofs of Ownership in Remote Storage Systems",
  journal       = "ACM Conference on Computer and Communications Security",
  year          = "2011",
  pages         = "491-500"
}
@ARTICLE{ratio,
  author        = "Mike Dutch",
  title         = "Understanding data deduplication ratios",
  publisher     = "SNIA",
  address       = "",
  year          = "2009",
  pages         = "5-9"
}


@ARTICLE{Merkle,
  author        = "Ralph C. Merkle",
  title         = "A certified digital signature",
  publisher     = "Springer-Verlag New York",
  journal       = "In Proceedings on Advances in cryptology",
  volume 	= "CRYPTO",
  number	= "89",
  address       = "New York, NY, USA",
  year          = "1989",
  pages         = "218-238"
}
@ARTICLE{MinEnt,
  author        = "Leonid Reyzin",
  title         = "Some Notions of Entropy for Cryptography",
  publisher     = "Springer Berlin Heidelberg",
  journal       = "Information Theoretic Security",
  volume 	= "6673",
  year          = "2011",
  pages         = "138-142"
}


@ARTICLE{Hash,
  author        = "Peter Bro Miltersen",
  title         = "Universal Hashing",
  journal       = "Lecture note",
  year          = "1998",
  pages         = "12"
}
@ARTICLE{DiPietro,
  author        = "Roberto Di Pietro, Alessandro Sorniotti",
  title         = "Boosting Efficiency and Security in Proof of Ownership for Deduplication",
  publisher     = "ASIACCS '12 ",
  journal       = "the 7th ACM Symposium on Information, Computer and Communications Security ",
  address       = "ACM New York, NY, USA",
  year          = "2012",
  pages         = "81-82"
}







